<?xml version="1.0" encoding="UTF-8"?><collection xmlns="http://www.loc.gov/MARC21/slim"><record><leader>00345nam--2200133-i-4500</leader><controlfield tag="001">000031744</controlfield><controlfield tag="002">20161230</controlfield><controlfield tag="005">20161230201038</controlfield><controlfield tag="008">060222s1000------------r-----000-0-eng-d</controlfield><datafield ind1=" " ind2=" " tag="100"><subfield code="a">Lion, Gerard</subfield></datafield><datafield ind1=" " ind2=" " tag="245"><subfield code="a">Vergne, michele</subfield></datafield><datafield ind1=" " ind2=" " tag="260"><subfield code="a">The Weil Representation, Maslov Index And Theta Series</subfield></datafield><datafield ind1=" " ind2=" " tag="490"><subfield code="a">Progress In Mathematics</subfield></datafield><datafield ind1=" " ind2=" " tag="852"><subfield code="a">514.154</subfield></datafield></record></collection>